
@article{brannlund2024power,
  title={Power politics: How electric grievances shape election outcomes},
  author={Br{\"a}nnlund, Anton and Peterson, Lauri},
  journal={Ecological Economics},
  volume={217},
  pages={108077},
  year={2024},
  publisher={Elsevier}
}

@article{aklin2021renewables,
  title={Do high electricity bills undermine public support for renewables? Evidence from the European Union},
  author={Aklin, Micha{\"e}l},
  journal={Energy Policy},
  volume={156},
  pages={112400},
  year={2021},
  publisher={Elsevier}
}
@article{abou2022centre,
  title={The centre-right versus the radical right: the role of migration issues and economic grievances},
  author={Abou-Chadi, Tarik and Cohen, Denis and Wagner, Markus},
  journal={Journal of Ethnic and Migration Studies},
  volume={48},
  number={2},
  pages={366--384},
  year={2022},
  publisher={Taylor \& Francis}
}

@article{aklin2021high,
    author = {Aklin, MichaÃ«l and Mildenberger, Matto},
    title = "{Prisoners of the Wrong Dilemma: Why Distributive Conflict, Not Collective Action, Characterizes the Politics of Climate Change}",
    journal = {Global Environmental Politics},
    volume = {20},
    number = {4},
    pages = {4-27},
    year = {2020},
    month = {11},
}
@article{mcculloch2022exploration,
  title={An exploration of the association between fuel subsidies and fuel riots},
  author={McCulloch, Neil and Natalini, Davide and Hossain, Naomi and Justino, Patricia},
  journal={World Development},
  volume={157},
  pages={105935},
  year={2022},
  publisher={Elsevier}
}
@article{bayer2024distributional,
  title={Distributional consequences shape public support for the EU carbon border adjustment mechanism: evidence from four European countries},
  author={Bayer, P and Schaffer, LM},
  journal={Environmental Research Letters},
  volume={19},
  number={8},
  year={2024},
  publisher={IOP Publishing}
}
@article{stokes2016electoral,
  title={Electoral backlash against climate policy: A natural experiment on retrospective voting and local resistance to public policy},
  author={Stokes, Leah C},
  journal={American Journal of Political Science},
  volume={60},
  number={4},
  pages={958--974},
  year={2016},
}
@article{voeten2024energy,
  title={The energy transition and support for the radical right: Evidence from the Netherlands},
  author={Voeten, Erik},
  journal={Comparative Political Studies},
  pages={00104140241237468},
  year={2024},
  publisher={SAGE Publications Sage CA: Los Angeles, CA}
}

@misc{energy_performance_data, 
  title = {Energy Performance of Buildings Data},
  publisher = {Department for Levelling Up, Housing & Communities},
  year = {2024},
  author = {{UK Government}},
  url = {https://epc.opendatacommunities.org/}
}

@misc{ofgem_energy_data, 
  title = {Electricity Prices: Day Ahead Contracts - Monthly Average (GB)},
  author = {OFGEM},
  publisher = {OFGEM},
  year = {2024},
  url = {https://www.ofgem.gov.uk/energy-data-and-research/data-portal/wholesale-market-indicators}
}

@misc{ONS_credit_card_defaults,
    year={2024},
    title={UK spending on credit and debit cards},
    author={{Office for National Statistics}},
    url={https://www.ons.gov.uk/economy/economicoutputandproductivity/output/datasets/ukspendingoncreditanddebitcards}
}

@misc{ONS_credit_card_spending_failure,
    year={2024},
    title={Monthly Direct Debit failure rate and average transaction amount},
    author={{Office for National Statistics}},
    url={https://www.ons.gov.uk/economy/economicoutputandproductivity/output/datasets/monthlydirectdebitfailurerateandaveragetransactionamount}
}

@misc{ONS_energy_consumption,
    year={2024},
    title={Energy Use},
    author={{Office for National Statistics}},
    url={https://www.ons.gov.uk/economy/environmentalaccounts/datasets/ukenvironmentalaccountstotalenergyconsumptionbyindustry}
}

@misc{BEIS_attitudes_tracker,
    year={2022},
    title={BEIS Public Attitudes Tracker},
    author={{UK BEIS}},
    publisher={Department for Business, Energy and Industrial Strategy (BEIS)},
    url={https://www.gov.uk/government/statistics/public-attitudes-tracker-wave-38}
}
@inproceedings{chen2016xgboost,
  title={Xgboost: A scalable tree boosting system},
  author={Chen, Tianqi and Guestrin, Carlos},
  booktitle={Proceedings of the 22nd acm sigkdd international conference on knowledge discovery and data mining},
  pages={785--794},
  year={2016}
}
@article{healy2017digging,
  title={Digging into the pocketbook: Evidence on economic voting from income registry data matched to a voter survey},
  author={Healy, Andrew J and Persson, Mikael and Snowberg, Erik},
  journal={American Political Science Review},
  volume={111},
  number={4},
  pages={771--785},
  year={2017},
  publisher={Cambridge University Press}
}
@article{fiorina1978economic,
  title={Economic retrospective voting in American national elections: A micro-analysis},
  author={Fiorina, Morris P},
  journal={American Journal of political science},
  pages={426--443},
  year={1978},
  publisher={JSTOR}
}
@unpublished{fetzer2023distributional,
  title={Distributional and climate implications of policy responses to energy price shocks},
  author={Fetzer, Thiemo and Gazze, Ludovica and Bishop, Menna},
  year={2023},
  note={Working Paper},
  institution={University of Warwick, Department of Economics},
  series={Warwick Economics Research Papers Series (WERPS)},
  number={1467},
  address={Coventry, UK},
  note={Unpublished}
}

@misc{google_trends,
    title={Google Trends},
    author={{Google}},
    year={2024},
    url={https://trends.google.com/trends/}
}