@book{norris2019cultural,
  title={Cultural backlash: Trump, Brexit, and authoritarian populism},
  author={Norris, Pippa and Inglehart, Ronald},
  year={2019},
  publisher={Cambridge University Press}
}
@book{levi1988rule,
  title={Of rule and revenue},
  author={Levi, Margaret},
  year={1988},
  publisher={University of California Press}
}
@article{belanger2008issue,
  title={Issue salience, issue ownership, and issue-based vote choice},
  author={B{\'e}langer, {\'E}ric and Meguid, Bonnie M},
  journal={Electoral studies},
  volume={27},
  number={3},
  pages={477--491},
  year={2008},
  publisher={Elsevier}
}
@article{wager2018estimation,
  title={Estimation and inference of heterogeneous treatment effects using random forests},
  author={Wager, Stefan and Athey, Susan},
  journal={Journal of the American Statistical Association},
  volume={113},
  number={523},
  pages={1228--1242},
  year={2018},
  publisher={Taylor \& Francis}
}
@book{vries2020political,
  title={Political entrepreneurs: The rise of challenger parties in Europe},
  author={{de Vries and Hobolt}},
  year={2020},
  publisher={Princeton University Press}
}
@article{besley2020state,
  title={State capacity, reciprocity, and the social contract},
  author={Besley, Timothy},
  journal={Econometrica},
  volume={88},
  number={4},
  pages={1307--1335},
  year={2020},
  publisher={Wiley Online Library}
}
@article{colantone2018trade,
  title={The trade origins of economic nationalism: Import competition and voting behavior in Western Europe},
  author={Colantone, Italo and Stanig, Piero},
  journal={American Journal of Political Science},
  volume={62},
  number={4},
  pages={936--953},
  year={2018},
  publisher={Wiley Online Library}
}
@article{margalit2019economic,
  title={Economic insecurity and the causes of populism, reconsidered},
  author={Margalit, Yotam},
  journal={Journal of Economic Perspectives},
  volume={33},
  number={4},
  pages={152--170},
  year={2019},
  publisher={American Economic Association 2014 Broadway, Suite 305, Nashville, TN 37203-2418}
}