@article{green1971conjoint,
  title={Conjoint measurement-for quantifying judgmental data},
  author={Green, Paul E and Rao, Vithala R},
  journal={Journal of Marketing research},
  volume={8},
  number={3},
  pages={355--363},
  year={1971},
  publisher={SAGE Publications Sage CA: Los Angeles, CA}
}
@article{fetzer2019did,
  title={Did austerity cause Brexit?},
  author={Fetzer, Thiemo},
  journal={American Economic Review},
  volume={109},
  number={11},
  pages={3849--3886},
  year={2019},
  publisher={American Economic Association 2014 Broadway, Suite 305, Nashville, TN 37203}
}
@article{galofre2021austerity,
  title={Austerity and the Rise of the Nazi Party},
  author={Galofr{\'e}-Vil{\`a}, Gregori and Meissner, Christopher M and McKee, Martin and Stuckler, David},
  journal={The Journal of Economic History},
  volume={81},
  number={1},
  pages={81--113},
  year={2021},
  publisher={Cambridge University Press}
}
@article{gabriel2023political,
  title={The political costs of austerity},
  author={Gabriel, Ricardo Duque and Klein, Mathias and Pessoa, Ana Sofia},
  journal={Review of Economics and Statistics},
  pages={1--45},
  year={2023},
  publisher={MIT Press One Rogers Street, Cambridge, MA 02142-1209, USA journals-info~â€¦}
}